@article{kim2015comprehensive,
  title={{Comprehensive analysis of transcriptome sequencing data in the lung tissues of COPD subjects}},
  author={Kim, Woo Jin and Lim, Jae Hyun and Lee, Jae Seung and Lee, Sang-Do and Kim, Ju Han and Oh, Yeon-Mok},
  journal={International journal of genomics},
  volume={2015},
  year={2015},
  publisher={Hindawi Publishing Corporation}
}

@article {Patro2016Salmon,
	author = {Patro, Rob and Duggal, Geet and Love, Michael I and Irizarry, Rafael A and Kingsford, Carl},
	title = {{Salmon provides accurate, fast, and bias-aware transcript expression estimates using dual-phase inference}},
	year = {2016},
	doi = {10.1101/021592},
	publisher = {Cold Spring Harbor Labs Journals},
	URL = {http://biorxiv.org/content/early/2016/08/30/021592},
	eprint = {http://biorxiv.org/content/early/2016/08/30/021592.full.pdf},
	journal = {bioRxiv}
}

@article{Turro2011mmseq,
  title={{Haplotype and isoform specific expression estimation using multi-mapping RNA-seq reads}},
  author={Turro, Ernest and Su, Shu-Yi and Gon{\c{c}}alves, {\^A}ngela and Coin, Lachlan JM and Richardson, Sylvia and Lewin, Alex},
  journal={Genome biology},
  volume={12},
  number={2},
  pages={1},
  year={2011},
  publisher={BioMed Central}
}

@article{Frazee2015Polyester,
  title={{Polyester: simulating RNA-seq datasets with differential transcript expression}},
  author={Frazee, Alyssa C and Jaffe, Andrew E and Langmead, Ben and Leek, Jeffrey T},
  journal={Bioinformatics},
  volume={31},
  number={17},
  pages={2778--2784},
  year={2015},
  publisher={Oxford Univ Press}
}
